@article{zhang2016convexified,
  title={Convexified Convolutional Neural Networks},
  author={Zhang, Yuchen and Liang, Percy and Wainwright, Martin J},
  journal={arXiv preprint arXiv:1609.01000},
  year={2016}
}