@article{zhang2016convexified,
  title={Convexified Convolutional Neural Networks},
  author={Zhang, Yuchen and Liang, Percy and Wainwright, Martin J},
  journal={arXiv preprint arXiv:1609.01000},
  year={2016}
}
@inproceedings{aslan2014convex,
	title={Convex deep learning via normalized kernels},
	author={Aslan, {\"O}zlem and Zhang, Xinhua and Schuurmans, Dale},
	booktitle={Advances in Neural Information Processing Systems},
	pages={3275--3283},
	year={2014}
}
@inproceedings{aslan2013convex,
	title={Convex two-layer modeling},
	author={Aslan, {\"O}zlem and Cheng, Hao and Zhang, Xinhua and Schuurmans, Dale},
	booktitle={Advances in Neural Information Processing Systems},
	pages={2985--2993},
	year={2013}
}
@inproceedings{bengio2006convex,
	title={Convex neural networks},
	author={Bengio, Yoshua and Roux, Nicolas L and Vincent, Pascal and Delalleau, Olivier and Marcotte, Patrice},
	booktitle={Advances in neural information processing systems},
	pages={123--130},
	year={2006}
}
@article{oseledets2009breaking,
	title={Breaking the curse of dimensionality, or how to use SVD in many dimensions},
	author={Oseledets, Ivan V and Tyrtyshnikov, Eugene E},
	journal={SIAM Journal on Scientific Computing},
	volume={31},
	number={5},
	pages={3744--3759},
	year={2009},
	publisher={SIAM}
}