@article{zhang2016convexified,
  title={Convexified Convolutional Neural Networks},
  author={Zhang, Yuchen and Liang, Percy and Wainwright, Martin J},
  journal={arXiv preprint arXiv:1609.01000},
  year={2016}
}
@inproceedings{aslan2014convex,
	title={Convex deep learning via normalized kernels},
	author={Aslan, {\"O}zlem and Zhang, Xinhua and Schuurmans, Dale},
	booktitle={Advances in Neural Information Processing Systems},
	pages={3275--3283},
	year={2014}
}
@inproceedings{aslan2013convex,
	title={Convex two-layer modeling},
	author={Aslan, {\"O}zlem and Cheng, Hao and Zhang, Xinhua and Schuurmans, Dale},
	booktitle={Advances in Neural Information Processing Systems},
	pages={2985--2993},
	year={2013}
}